@online{amongus,
    author = "Hugo Mora",
    title = "¿Cómo saber quién es el impostor en Among Us y ganar la partida?",
    url  = "https://www.mibolsillo.com/tecnologia/Como-saber-quien-es-el-impostor-en-Among-Us-y-ganar-la-partida-20200920-0010.html",
    addendum = "(accessed: 20.09.2020)",
    keywords = "juego,AmongUs"
}

@online{tareas,
    author = "Paula Croft",
    title = "Among Us: todas las tareas y cómo completarlas",
    url  = "https://as.com/meristation/2020/10/23/noticias/1603453115_071546.html",
    addendum = "(accessed: 23.10.2020)",
    keywords = "juego,Tareas"
}

@online{space,
    author = "Malavida",
    title = "Space Shooter",
    url  = "https://www.malavida.com/es/soft/space-shooter/android/#gref",
    addendum = "(accessed: 23.10.2020)",
    keywords = "nivel2,nave"
}

@online{invaders,
    author = "Anonimo",
    title = "Space Invaders celebrará su 40 aniversario con el lanzamiento este mes de Space Invaders Extreme",
    url  = "https://www.vidaextra.com/accion/space-invaders-celebrara-su-40-aniversario-con-el-lanzamiento-este-mes-de-space-invaders-extreme",
    addendum = "(accessed: 23.10.2020)",
    keywords = "nivel3,final"
}